3042 4875
281 346 346 411 746
585 361 783 411 ascensus
805 363 974 413 eooreurr
1000 364 1078 415 sss.

323 502 362 568 C.
379 501 522 588 Nepotis
539 503 695 572 Historia
709 506 869 571 Virorum
884 506 1081 587 illustrium,
1093 507 1194 574 2528.

322 606 414 672 Inter
440 607 538 673 codd.
563 607 706 673 Cantab.
727 608 763 673 in
779 607 943 674 Bibliotb.
966 607 1112 676 Publiea
1129 611 1314 677 collocatur
1338 611 1378 678 0.

280 708 429 794 Nepotis
451 710 555 777 editio
581 709 695 775 Oxon.
721 711 819 777 1697.
842 730 921 776 eum
944 713 1066 795 paucis
1090 713 1379 794 annotationibus,
1501 781 1502 814 ¹

278 813 333 877 vel
356 813 473 897 potius
488 814 592 879 variis
617 813 823 879 lectionibus
839 814 882 878 el.
895 813 931 878 J.
943 814 1080 898 I'aylor.
1126 814 1217 883 Haee
1232 817 1381 897 eollatio,
1501 815 1502 862 l

279 918 315 978 ut
329 920 466 999 apparet
491 936 535 981 ex
557 916 621 981 hac
647 918 763 982 notula
787 937 890 981 mann
904 918 941 983 J.
954 918 1080 1001 'Paylor
1104 920 1245 1002 scripta,
1269 920 1380 985 eodioi

280 1014 319 1081 C.
346 1015 494 1103 Nepotis
520 1020 553 1083 in
584 1019 744 1085 Bibliotb.
777 1019 923 1085 Publica
951 1018 1093 1085 Cautab.
1120 1022 1287 1087 referenda
1308 1026 1378 1087 est:

280 1122 291 1150 ‘
307 1114 390 1184 eod.
403 1119 471 1184 Ms.
488 1119 594 1185 Acad.
610 1119 754 1187 Cantab.
770 1140 887 1187 recens
901 1122 1059 1204 scriptus.
1105 1120 1169 1188 Isti
1184 1121 1378 1189 Academia

279 1216 423 1285 donabat
437 1220 577 1286 Hecket
593 1222 807 1305 Episcopus!

322 1322 364 1386 In
385 1318 540 1389 Biblioth.
567 1320 656 1386 Trio.
680 1320 763 1390 Coll.
787 1332 840 1389 est
862 1324 938 1391 cod.
962 1323 1003 1391 0.
1028 1310 1176 1409 Nepotis
1197 1326 1377 1391 membran.

278 1422 381 1490 nitide
396 1427 554 1510 scriptus,
576 1425 650 1491 sine
671 1428 778 1504 notis,
794 1427 1027 1492 circiter-xiv.
1042 1446 1125 1492 saec.
1168 1426 1294 1511 Incipit
1306 1428 1380 1493 teli·

279 1527 360 1591 citer
374 1526 456 1591 vita
472 1528 662 1594 Miltiadis:
678 1529 861 1614 praefigitur
877 1528 1009 1594 AEmilii
1020 1528 1125 1595 Probi
1139 1528 1201 1594 lib.
1211 1530 1254 1595 de
1268 1530 1380 1597 exeel·

246 1620 248 1625 ’
279 1628 426 1695 lentibus
443 1636 635 1696 exterarum
650 1632 819 1696 nationum
833 1628 938 1696 Viris.

323 1732 412 1798 Haee
436 1733 596 1799 Bibliotb.
620 1735 725 1799 alium
747 1733 850 1799 etiam
873 1733 1023 1799 oodioem
1049 1732 1198 1816 Nepotis
1222 1735 1380 1813 continet,

278 1856 357 1905 sese.
391 1852 472 1901 xrv.
495 1838 551 1903 vel
578 1852 644 1903 xv.
669 1837 851 1901 membran.
874 1836 966 1915 8vo.,
991 1836 1048 1901 oni
1070 1836 1173 1901 etiam
1196 1836 1381 1920 praefigitur

279 1940 410 2005 AEmilii
435 1940 538 2005 Probi
567 1941 626 2007 lib.
656 1940 699 2005 de
724 1938 967 2026 excellentibus
992 1946 1184 2005 exteramm
1208 1941 1379 2005 nationum

279 2040 385 2105 Viris.

222 2122 228 2141 ¹
323 2140 426 2221 Quod
443 2141 486 2207 ad
503 2142 674 2209 AEmilinm
689 2140 840 2207 Probum
853 2144 1008 2227 pertinet,
1033 2163 1133 2227 quem
1148 2144 1250 2228 quasi
1264 2142 1379 2207 condi·

279 2252 379 2313 torem
397 2246 511 2312 borum
533 2243 688 2311 Vitarum
712 2246 851 2311 codices
867 2247 1054 2324 memorati,
1078 2246 1207 2324 etalii,
1233 2246 1380 2324 uadunt,

163 2392 165 2397 ,
279 2350 365 2413 bene
380 2354 493 2413 notum
509 2355 575 2426 est,
592 2348 695 2412 etvix
708 2348 764 2413 bie
778 2349 1004 2432 repetendum,
1019 2368 1094 2413 eum
1110 2348 1172 2413 sub
1186 2347 1381 2413 'l'beodosio

279 2450 484 2535 Imperatore
505 2451 653 2532 vixisse3
676 2452 732 2516 eui
758 2453 879 2518 librum
905 2451 1052 2536 Nepotis
1073 2450 1217 2516 multum
1239 2471 1381 2517 exorna·

279 2559 351 2616 tum
374 2553 461 2616 dono
486 2551 577 2616 misit
593 2551 750 2618 AEmilius
766 2553 908 2631 Probus,
934 2558 972 2618 ut
992 2554 1099 2637 liquet
1113 2573 1132 2617 e
1148 2552 1302 2619 versibus
1322 2574 1382 2620 an·

280 2654 374 2736 tiquo
389 2651 498 2718 codici
513 2653 677 2736 praefixis.
721 2653 811 2721 Vide
824 2675 938 2740 supra,
953 2675 987 2739 p.
1002 2656 1057 2720 19.

665 2909 791 2976 Codices
810 2911 1006 2978 Osonieoses.

324 3057 520 3126 Bibliotheca
553 3060 728 3128 Bodleiano
755 3065 906 3130 continet
935 3065 1020 3129 inter
1049 3064 1160 3130 Laudi
1186 3068 1220 3128 et
1245 3062 1381 3129 Seldeni

260 3161 366 3226 .Mss.
392 3164 478 3228 duos
503 3165 640 3228 codices
666 3157 725 3249 qi1i
754 3169 838 3231 inter
864 3168 933 3232 alia
956 3168 1219 3252 complectuntur
1244 3167 1382 3231 Daretis

281 3263 416 3349 Phrygii
431 3263 521 3329 Hist.
538 3263 674 3330 Excidii
687 3265 812 3352 Trojae,
831 3289 906 3333 eum
921 3269 1076 3353 Epistola
1090 3268 1238 3334 Cornelii
1252 3269 1298 3333 ad
1309 3267 1383 3332 Sal·

280 3365 430 3444 lnstium,
443 3366 532 3432 falso
547 3374 660 3434 nostro
677 3369 836 3436 Cornelio
853 3371 982 3458 Nepoti
995 3373 1150 3457 ascripta.

327 3465 479 3534 Cononici
505 3468 844 3540 Lat.159.continet
868 3473 907 3540 0.
930 3473 1079 3559 Nepotis
1094 3474 1206 3553 Vitas,
1219 3477 1280 3538 irc.
1306 3470 1380 3537 eod.

280 3569 428 3638 chartac.
446 3589 511 3639 XV.
526 3577 579 3641 vel
601 3592 684 3643 xvr.
702 3597 781 3644 seeo.
809 3596 885 3643 oum
900 3579 1004 3642 variis
1026 3576 1222 3642 lectionibus
1248 3581 1282 3640 et
1295 3593 1382 3639 mar-

280 3673 446 3756 ginalibus
458 3677 688 3759 indicatoriis3
710 3680 889 3745 membran.
903 3681 1005 3745 nitide
1020 3679 1186 3762 scriptusz
1208 3682 1253 3756 et,
1267 3678 1302 3743 ni
1317 3676 1380 3742 sal·

279 3775 386 3856 limur,
402 3779 488 3844 alius
501 3787 555 3846 est
575 3781 660 3846 inter
673 3781 802 3848 Canon.
819 3783 965 3850 chartae.
980 3783 1052 3846 siue
1063 3780 1168 3845 variis
1182 3780 1382 3846 lectionibus

281 3884 317 3944 et
331 3881 467 3964 glossis,
484 3903 562 3949 saec.
578 3883 739 3968 ejusdem.

323 3979 418 4048 Inter
434 3981 673 4050 D'Oroiliiooos
690 3985 786 4052 codd.
801 3983 888 4052 Mss.
900 3991 933 4052 et
944 3987 1093 4070 impress.
1107 3983 1305 4050 invenienda
1317 3989 1382 4062 est,
1430 4072 1432 4076 ι

279 4081 351 4149 Νο.
367 4101 405 4152 x.
428 4088 458 4151 l.
473 4087 506 4154 6.
523 4089 575 4154 10.
598 4089 734 4154 collatio
757 4086 858 4152 Corn.
873 4086 1033 4172 Nepotis,
1057 4087 1079 4152 i.
1095 4108 1126 4154 e.
1148 4083 1251 4156 Praet.
1266 4085 1382 4152 Timo-

279 4183 380 4252 leont.
406 4187 513 4272 Regg.
544 4189 691 4256 Hamilc.
715 4189 868 4256 Hannib.
892 4189 956 4274 Ep.
973 4189 1147 4258 Comeliae.
