3042 4875
262 345 328 414 560
488 363 597 417 noun
621 364 824 416 santonum
849 367 890 416 ru
915 369 946 418 o.
969 368 1129 420 nnron1s

264 505 427 572 nc,utspnd
439 505 551 570 Ciapro
561 506 627 558 Cael.
643 508 729 573 ‘quod
741 523 794 559 om·
831 511 924 562 Cicero
951 513 984 562 de
1008 512 1122 564 birtuat.
1149 512 1290 565 ‘varietas
1316 521 1358 565 est

262 582 334 634 nium
356 590 536 634 accusatorum
557 598 609 634 nou
633 585 793 650 criminibur,
830 586 1076 654 proprisfortuuae!
1092 587 1357 640 ldcmsdluceiumr

263 657 310 706 sed
332 657 438 709 rocihus
460 659 658 726 maledictisque
679 662 795 714 celebre·
830 662 924 713 ‘Nihil
945 663 1030 728 aptius
1050 671 1090 714 est
1109 665 1141 714 ad
1161 664 1357 716 delectationem

262 739 319 790 tum
329 734 388 784 est!
419 735 591 800 luliurgensi
607 739 794 790 tsmcucodica
830 738 946 802 lectoris,
963 753 1040 804 quam
1059 749 1202 804 temporum
1219 741 1358 791 varietates

263 809 302 858 sit
319 808 402 860 suinae
418 812 445 859 is
462 814 551 860 crimen
561 813 681 864 meulent.
701 813 793 864 lamb.
828 810 1205 879 fortnnoeqnericisaitndines!
1222 817 1359 868 an.b1sx.

263 898 322 934 cusu
337 885 455 936 Putcauo
473 889 727 940 nusroculasddits
742 890 793 954 leg.
829 888 877 938 lib.
894 903 933 939 rr.
952 894 976 940 o.
995 894 1020 939 8.
1035 889 1148 941 ‘Portus
1166 893 1246 956 ipaos,
1262 893 1284 942 si
1302 893 1358 958 quis

262 962 417 1025 aduersaria
427 963 520 1012 iaciens
530 964 602 1012 etiusr
612 967 731 1028 minuc,
741 981 794 1029 qaae
829 963 905 1015 modu
916 966 994 1016 tontis
1011 965 1087 1016 rebus
1106 967 1174 1018 inest
1191 983 1290 1031 sensus,
1301 977 1359 1019 tan·

263 1036 603 1099 brementensem.
617 1055 666 1090 reo·
698 1042 794 1091 'l'ents-
830 1041 918 1090 tauta
929 1043 1021 1092 eodem
1032 1041 1134 1094 homine
1145 1045 1296 1095 varietatem
1305 1051 1359 1094 sta·

263 1110 337 1162 bam:
353 1112 794 1177 briomertraposesrulncrires
830 1117 1155 1169 tosadmtrstosarbttror!
1173 1119 1293 1169 Gebhard.

261 1188 510 1250 mulsimdorssur
526 1203 575 1238 rer.
608 1190 793 1256 Sed,utinge·
863 1191 932 1242 lusor
943 1194 1068 1257 tyrenses]
1087 1195 1246 1245 l'lesmlorssr
1258 1197 1358 1260 Isongo·

262 1279 314 1314 noe
324 1262 417 1329 fatear,
427 1264 499 1329 mihi,
509 1267 592 1322 reteri
601 1265 719 1333 formula,
730 1268 793 1321 Non
828 1269 878 1320 lius
887 1285 921 1320 ex
928 1271 1070 1322 Plutarcho
1081 1273 1190 1338 addidit,
1197 1280 1286 1326 contra
1293 1275 1357 1328 blas.

263 1339 352 1405 liquet.
790 1389 793 1394 ,
829 1345 953 1398 Codicum
963 1349 1074 1399 omnium
1082 1348 1168 1401 fidem.
1184 1352 1294 1414 Magius.
1325 1353 1358 1404 lu

264 1471 268 1478 .
293 1417 465 1482 sumum]
490 1419 550 1470 Hac
569 1435 634 1472 voce
644 1428 749 1473 notstm
765 1420 794 1472 rh
828 1422 886 1472 aliis
897 1423 968 1474 libris
977 1432 1018 1474 est
1029 1432 1151 1490 corrupte
1161 1427 1247 1490 lam,
1260 1443 1305 1492 pro
1316 1428 1357 1477 ls-

262 1490 384 1557 oasim,
402 1495 456 1546 aire
475 1496 627 1547 adversandi
648 1497 794 1562 premendi·
828 1513 878 1549 ros.
910 1499 976 1550 Sunt
995 1501 1039 1565 qni
1060 1503 1113 1552 loro
1125 1504 1224 1567 legunt,
1238 1504 1358 1568 quemad*

263 1586 314 1635 que
331 1573 478 1637 superiores
498 1574 588 1626 libido.
612 1577 693 1626 Boerl.
724 1575 793 1626 Vnda
829 1573 932 1624 modum
947 1575 1010 1626 alibi
1030 1577 1110 1627 Lucos
1130 1585 1157 1629 rt
1176 1579 1247 1630 laco.
1280 1579 1359 1634 Quod

263 1648 336 1698 Plut.
348 1656 474 1713 precept.
486 1649 560 1713 polit.
830 1647 1231 1718 Gracurueat'ldorn,1aau,sir
1248 1655 1358 1720 miror,

266 1724 430 1772 wambe
459 1724 605 1788 dimicas]
642 1725 794 1777 Absolvitur
830 1727 917 1792 Plato,
935 1728 1017 1793 ἱέναι,
1035 1731 1116 1795 Zeno,
1129 1731 1359 1784 etaliasexcents.

261 1799 417 1863 Iphicrates,
436 1807 466 1850 ut
485 1817 564 1866 snpra
581 1805 749 1866 cognorimus
766 1804 792 1857 iu
829 1805 1004 1856 Meminerant
1025 1810 1080 1872 ejus
1101 1808 1204 1872 plurimi
1232 1815 1360 1872 veterum,

262 1875 402 1940 Iphicrate.
420 1876 526 1927 Lesbia
541 1879 612 1942 Mag.
630 1880 728 1929 Securo.
787 1913 792 1924 .
830 1880 1246 1946 Xenophou,'Diodor.Plutarch.
1258 1885 1358 1936 Isocra-

296 1953 432 2002 Chalcidem
446 1969 473 2003 sc
488 1954 600 2017 costalss]
623 1955 721 2006 Urbem
741 1957 793 2006 Eu·
830 1963 880 2019 tes,
891 1958 1036 2022 Polyaenus,
1047 1967 1075 2009 ct
1086 1961 1136 2010 slii.
1152 1961 1273 2011 Kerchcsr.

261 2028 327 2078 breue
345 2026 379 2077 ad
397 2028 529 2093 Euripum.
563 2029 711 2081 Generum
722 2047 793 2082 men·
834 2031 1084 2098 .Siscsuleilitibar]
1101 2035 1173 2086 'Areo
1182 2037 1359 2103 boprrpiperrsi

262 2112 311 2166 tes,
321 2111 349 2155 et
360 2104 453 2168 quibus
473 2106 625 2157 meritorum
642 2121 746 2167 suorum
766 2109 793 2160 in
829 2111 1041 2175 mmm
1053 2114 1108 2164 sine
1123 2117 1358 2181 rtipatoribushas·

262 2181 411 2248 uisceratio
428 2181 495 2232 bene
511 2189 623 2246 conant,
639 2197 688 2248 par
703 2190 744 2234 cst
754 2185 793 2234 iu·
831 2188 894 2237 tatis
905 2195 932 2238 et
943 2191 1060 2254 corporis
1071 2193 1229 2244 custodibus.
1250 2195 1358 2248 hubin.

261 2257 330 2324 grati
347 2257 424 2306 animi
445 2257 508 2308 vitio
529 2259 621 2309 tetrius
639 2258 745 2323 offendi,
762 2265 793 2310 ut
833 2301 836 2308 .
864 2265 922 2315 Sirra
939 2267 986 2316 silo
1002 2269 1125 2333 maduo]
1144 2271 1221 2322 Quod
1240 2279 1359 2323 tueretur

260 2334 405 2385 voluntario
416 2349 524 2385 excessu
535 2349 726 2401 nonuunquam,
737 2352 792 2388 cre·
830 2347 923 2392 contra
939 2341 1040 2394 obviam
1057 2347 1117 2395 ritu.
1155 2348 1282 2400 Datame:
1307 2351 1359 2400 ‘ad

260 2407 332 2457 brius
352 2409 466 2471 secessu,
484 2408 613 2473 denegare
636 2425 665 2461 se
682 2411 792 2476 indiguis
830 2429 906 2481 quesn
926 2431 984 2467 cum
1009 2419 1122 2472 venisset
1149 2423 1203 2473 sina
1231 2425 1359 2491 praecidio,

260 2482 383 2546 cogitent.
416 2484 548 2534 Timoleon
558 2486 622 2536 adeo
632 2492 673 2536 eat
681 2501 792 2538 cornmo·
830 2492 1035 2559 quodahamico
1049 2498 1131 2549 nullas
1147 2508 1281 2552 vereretur
1297 2504 1360 2553 iusi-

261 2563 314 2618 tus,
332 2563 362 2606 nt
379 2570 560 2624 nonnunquam
579 2560 641 2611 vltra
660 2561 738 2611 lineru
754 2562 792 2613 sa-
830 2568 1102 2635 dias,peueinteriit.'
1134 2573 1241 2627 Attico:
1258 2578 1359 2629 ‘Arne

261 2644 323 2681 cere
338 2630 459 2695 voluerit,
477 2640 555 2700 atqua
576 2650 610 2685 es
631 2637 790 2700 ingratorum
829 2643 897 2707 quod
908 2646 1193 2714 pericnlnmincideret,
1204 2653 1358 2716 quoduortu

260 2706 390 2757 bominum
401 2718 541 2772 conspectu
559 2719 642 2762 morte
653 2712 791 2766 decedere.
829 2718 920 2783 fiebat,
931 2722 1078 2786 presidium
1088 2725 1112 2773 ei
1123 2727 1211 2776 mirit.'
1231 2730 1314 2779 l'scit.
1325 2729 1358 2779 de

260 2780 293 2831 Ρ.
304 2780 408 2832 Cornel.
420 2784 507 2847 Scipio
516 2785 657 2837 Africanus
667 2790 694 2838 iu
702 2792 791 2840 volun·
829 2795 944 2847 moribua
957 2797 1078 2848 German.
1090 2815 1148 2865 cap.
1156 2806 1195 2854 ts.
1211 2804 1295 2855 ‘llaec
1303 2805 1360 2869 dig·

260 2857 354 2906 tarium
365 2858 483 2908 exsilium
493 2860 642 2912 linternum
653 2866 791 2927 concessit,
830 2870 906 2934 uitas,
922 2873 962 2922 bu
974 2873 1052 2934 vires,
1070 2891 1163 2942 magno
1179 2893 1281 2944 semper
1291 2882 1360 2931 elec·

260 2932 306 2983 nbi
325 2934 449 3000 reliquam
466 2938 523 3001 egit
546 2945 662 3004 etatem,
681 2941 734 2990 vici
753 2942 791 3005 ig·
830 2954 913 2997 torum
921 2948 1047 3013 juvenum
1062 2953 1138 3016 giobo
1154 2955 1316 3019 circumdari,
1332 2958 1359 3007 iu

259 3010 353 3060 nobilis
374 3026 406 3061 sc
427 3010 539 3064 deserte
564 3014 666 3078 paludis
693 3016 791 3067 accola.
830 3024 1277 3095 pacedecus,iubellopraesidinm!
1294 3035 1360 3084 Ger·

261 3090 312 3140 Qut
324 3090 435 3140 moriens
447 3095 520 3142 rasori
534 3095 668 3158 pracepit,
683 3108 717 3144 ne
734 3109 791 3145 cor·
829 3099 898 3149 niani
910 3104 1045 3166 peregrino
1062 3106 1190 3157 vocabulo
1207 3110 1300 3174 Cssuop
1313 3125 1360 3175 ap·

116 3176 137 3225 ·,
206 3200 214 3215 ,
260 3178 309 3227 pur
331 3180 404 3213 auum
427 3166 535 3217 Romam
559 3168 707 3231 referretur,
728 3170 790 3220 ‘1n·
829 3176 962 3239 pellamur.
997 3180 1084 3231 Graeci
1103 3184 1264 3248 προτομήν.
1283 3186 1358 3239 Cart.

260 3240 353 3303 grsts,’
367 3240 474 3303 addens,
491 3243 612 3307 ‘Patris,
621 3245 720 3296 cineres
737 3262 790 3297 uon
828 3250 875 3301 lib.
887 3266 930 3302 ιιι.
942 3258 966 3303 2.
984 3255 1143 3309 ‘Pecuniam
1158 3262 1226 3325 regis
1242 3264 1359 3313 sexcenti

259 3314 367 3364 habebis
381 3316 470 3366 meos.'
493 3318 561 3367 Vide
578 3320 790 3373 Vtilissimum
828 3330 890 3378 muli
914 3339 942 3380 et
961 3335 1073 3385 trecenti
1099 3338 1188 3387 cameli
1210 3338 1358 3401 rehebsutr

260 3388 306 3439 lib.
317 3404 345 3438 r.
357 3395 381 3440 t.
393 3396 419 3440 ἓ.
828 3404 952 3467 presidio
963 3410 1153 3470 sagittariorum
1167 3414 1359 3480 prosequente'

293 3464 393 3517 Cael.
412 3467 523 3518 Fortssoe
530 3471 645 3535 affluar]
670 3472 702 3521 ln
720 3473 791 3525 Atti·
827 3480 913 3531 Tacit.
932 3480 1001 3533 Aun.
1017 3497 1035 3534 1.
1048 3489 1087 3535 tt).
1104 3486 1292 3556 ‘Attonitoque
1307 3504 1360 3541 ma·

260 3553 307 3588 cor
324 3541 427 3591 ‘Tanta
446 3546 557 3595 serietas
573 3548 613 3596 his
633 3551 791 3613 temporibus
828 3556 867 3619 gis
891 3572 966 3622 quarn
990 3562 1078 3625 quieta
1106 3564 1229 3615 concione
1257 3566 1358 3631 legatos

259 3611 449 3667 initiandae!
469 3621 537 3669 Nam
549 3622 662 3673 libenter
669 3637 790 3689 comparo
828 3632 949 3695 presidio
960 3636 1121 3692 auxiliarium
1138 3638 1261 3705 Equitum
1273 3643 1359 3693 diruit·

258 3690 305 3739 lm
316 3704 375 3740 cum
386 3691 432 3742 illa
449 3694 554 3757 vits,irt
566 3706 692 3762 appareat
707 3702 790 3753 cuivis
828 3706 877 3757 tit!
907 3708 1013 3760 Sallust.
1024 3712 1171 3777 Jugnrtba:
1189 3718 1242 3767 ‘Se
1252 3717 1359 3770 sPatre

260 3765 378 3817 eamdem
397 3768 519 3821 dictionis
540 3787 596 3822 erae
619 3774 742 3840 indolem,
757 3794 789 3829 ac
827 3782 932 3833 Boccho
948 3785 1051 3836 obviam
1070 3789 1121 3839 illia
1140 3792 1215 3843 simul
1226 3802 1255 3843 ct
1269 3795 1359 3859 presi·

259 3844 369 3908 proinde
382 3860 460 3895 uuum
475 3848 637 3913 eundemque
655 3857 683 3901 et
699 3852 790 3903 barum
828 3856 871 3907 dio
881 3860 1003 3912 missurus!
1022 3865 1143 3917 Gebhard.

260 3924 289 3971 et
304 3920 373 3970 illins
384 3922 493 3973 ritsrnrn
504 3924 675 3989 scriptorem·
708 3928 791 3994 Loqui
860 3936 999 4002 Potrioeqac
1013 3943 1269 4010 nmiiotup'mqttest
1279 3948 1358 4011 bapi-

260 4001 347 4043 autem
381 3995 473 4047 eodem
509 3999 587 4051 modo
613 4001 790 4055 animadverto
827 4010 871 4073 tii]
887 4013 1060 4067 SicDeurost.
1078 4017 1120 4083 (ot
1137 4028 1166 4070 et
1181 4021 1358 4073 aitAEsohines

261 4068 495 4125 Curt.lib.1rr.ll.
511 4076 597 4126 ‘Urbs
613 4084 641 4128 et
659 4085 789 4130 vetustate
829 4084 906 4138 Orat.
918 4088 970 4152 sepi
980 4099 1126 4156 παραπρεσβ.
1134 4096 1182 4147 boc
1190 4099 1215 4147 ei
1224 4098 1357 4157 maledicti

260 4142 366 4205 originis
381 4153 409 4194 et
423 4148 517 4199 crebra
533 4151 645 4203 fortuna
663 4155 790 4207 varietate
828 4160 884 4211 loco
904 4162 1040 4231 objiciens)
1056 4168 1133 4233 dixit,
1152 4186 1180 4221 se
1199 4180 1374 4237 anteponere.

260 4216 295 4273 ad
312 4223 461 4275 memorium
481 4229 642 4290 posteritatis
664 4230 789 4296 iusignia:
828 4238 938 4291 salntem
966 4244 1078 4298 civitatis
1103 4248 1226 4315 hospitali
1253 4266 1356 4303 mansu.
