3042 4875
13 124 148 240 ,ῳ

304 402 371 449 m
398 400 587 450 siccioris.
605 402 787 451 narrans.
804 400 1125 454 sssravsroanu.
1210 386 1278 453 747
1335 450 1343 461 ,

222 540 262 605 14
278 556 315 605 x.
329 542 361 607 2.
378 542 557 609 1414494.
583 549 700 609 extant
719 547 822 610 vuriae
837 545 999 613 lectiones
1014 554 1049 611 et
1063 552 1152 613 notae
1177 548 1212 613 tn
1225 547 1277 613 di·

177 661 293 707 versos
307 650 471 723 auctores,
488 646 574 709 inter
591 664 676 728 quas
690 650 768 710 sunt
783 654 875 712 notus
891 646 983 714 J.1³.
999 648 1183 730 D'Orrille,
1205 650 1276 715 col·

176 742 257 808 14144
274 746 317 810 ad
331 746 507 812 editionem
524 746 707 811 Amstelod.
721 750 818 815 1706.
833 770 893 834 pp.
909 750 963 817 15.

221 846 266 911 Et
279 848 439 914 hactenus
453 850 494 912 de
520 847 792 916 oxoniensibus:
815 849 857 916 de
877 853 977 918 codd.
998 854 1086 924 enim
1101 853 1141 919 C.
1157 852 1277 939 Nepo-

176 949 221 1013 tis
236 950 271 1012 iu
282 950 502 1016 Bibliotbecis
518 950 665 1036 Collegg.
679 952 924 1019 Oxouiensinm
934 955 1015 1019 nibil
1030 955 1232 1021 audivimus.

540 1208 664 1274 Codices
686 1204 916 1273 Dublinienses.

218 1359 261 1425 14
284 1361 446 1429 Bibliotb.
465 1360 605 1445 Collegit
629 1366 756 1427 sunctae
780 1360 953 1428 Trinitatis
976 1363 1067 1447 apud
1084 1363 1277 1430 Dnbliuium

175 1462 327 1529 codicem
356 1469 472 1530 extare
494 1470 656 1529 memorat
686 1463 796 1529 Catal.
826 1464 915 1530 Mss.
937 1464 1037 1548 Angl.
1072 1471 1106 1530 et
1136 1464 1276 1532 Hibern.

176 1566 247 1631 No.
262 1568 337 1632 407.
364 1568 424 1651 qui
446 1568 530 1632 inter
553 1564 622 1631 alia
647 1564 795 1629 continet
817 1564 896 1650 (art.
911 1566 957 1645 4.)
978 1565 1114 1631 Daretis
1140 1566 1277 1653 Phrygii

175 1666 363 1733 Historiam
399 1665 664 1733 devastatione
695 1664 809 1749 Trojm
833 1686 855 1731 4
876 1664 1035 1732 Cornelio
1060 1666 1197 1752 Nepote
1223 1668 1277 1754 (ut

173 1768 290 1849 fertur)
304 1768 347 1835 de
362 1768 485 1836 Graeco
499 1769 534 1833 in
549 1767 704 1833 latinum
719 1787 904 1833 sermonem
916 1770 1124 1835 translatam.

217 1872 347 1938 Tribnit
362 1891 496 1956 qnoque
505 1870 594 1936 idem
609 1866 717 1934 Catal.
727 1869 786 1934 isti
800 1870 1055 1958 Bibliotb.(No.
1064 1868 1158 1956 489.)
1172 1871 1276 1937 ulium

175 1974 326 2041 codicem
341 1977 399 2060 qui
414 1973 561 2041 continet
574 1972 686 2050 etiam,
709 1972 793 2036 inter
806 1972 885 2051 4114,
909 1973 1049 2039 eandem
1076 1972 1276 2053 Historiam,

174 2080 230 2144 cui
241 2078 423 2163 praefigitur
437 2074 592 2161 Epistola
607 2072 758 2140 Cornelii
773 2073 816 2139 ad
831 2074 1027 2141 Sallustium
1043 2074 1086 2140 de
1101 2072 1233 2141 eadem.

551 2334 676 2401 Codices
693 2332 910 2398 Eborucenses.

216 2505 258 2570 In
288 2505 446 2572 Bibliotb.
473 2505 507 2571 S.
538 2504 630 2571 Petri
655 2504 746 2589 apud
778 2501 981 2577 Eboracum,
1013 2498 1081 2563 No.
1110 2495 1186 2562 497.
1210 2495 1275 2576 (sic

173 2610 296 2674 saltem
320 2609 461 2692 legimus
485 2607 520 2672 iu
535 2606 645 2673 Gatal.
669 2605 756 2670 Mes.
777 2602 878 2685 Angl.
900 2609 934 2668 et
951 2597 1053 2684 Hib.)
1074 2598 1188 2665 codex
1212 2604 1275 2678 est,

173 2711 392 2795 amplectens,
411 2711 497 2775 inter
509 2709 588 2787 4114,
605 2708 739 2773 Daretis
754 2704 893 2788 Phrygii
909 2703 1001 2768 Hist.
1017 2702 1059 2766 (14
1076 2700 1275 2766 Vastatione

172 2813 299 2898 Trojae,
315 2835 337 2880 4
351 2812 509 2880 Cornelio
526 2811 660 2895 Nepote
673 2809 727 2895 (ut
741 2805 856 2890 sermr)
869 2806 911 2871 do
926 2803 1050 2870 Graeco
1067 2803 1103 2866 in
1117 2801 1275 2867 latinum

174 2935 355 2981 sermonem
377 2935 520 2982 versam.
565 2911 723 2978 1114489.
739 2911 899 2987 continet,
922 2909 1007 2972 inter
1025 2905 1103 2982 4114,
1125 2903 1275 2987 ejusdem

175 3017 269 3084 Hist.
295 3019 480 3103 exemplar,
510 3018 566 3085 cui
589 3014 772 3100 prefigitur
792 3012 902 3095 Epist.
919 3008 1063 3074 Cornelii
1078 3007 1123 3070 ad
1149 3003 1276 3068 Sallus·

174 3120 256 3184 tium
284 3119 328 3186 de
353 3120 482 3186 eadem.
544 3120 601 3185 Itu
624 3117 740 3184 saltem
766 3114 860 3191 olim,
882 3132 927 3176 n.
958 3109 1056 3175 1694.
1093 3104 1276 3172 secundum

174 3223 287 3290 Catal.
314 3223 399 3288 Mss.
424 3221 526 3306 Angl.
540 3228 574 3288 et
598 3219 682 3284 Hib.
708 3217 858 3283 sednon
871 3233 970 3292 nunc,
995 3212 1061 3276 nisi
1075 3213 1277 3274 commentu-

174 3326 247 3391 rioli
262 3327 377 3404 nostri,
387 3325 426 3390 'in
439 3343 481 3390 ea
499 3322 704 3388 bibliotheca
719 3317 889 3404 quondam
904 3315 1010 3392 relati,
1025 3311 1190 3378 deficiant.

219 3427 393 3493 Hactenus
407 3426 450 3491 de
464 3423 638 3490 codicibus
654 3420 801 3486 Cornelii
818 3417 964 3500 Nepotis
992 3413 1213 3480 Britannicis:
1235 3411 1277 3474 de

175 3529 300 3594 exteris
315 3549 346 3594 v.
362 3527 396 3594 J.
411 3525 450 3590 F.
466 3524 616 3591 Fischeri
632 3519 735 3588 Praei.
750 3538 853 3603 supra
868 3539 902 3602 p.
917 3519 951 3582 7.
965 3537 1039 3601 sqq.
1166 3538 1168 3541 ’
