3042 4875
514 296 695 347 connnnrr
721 294 893 347 neronis.
1184 284 1252 351 ⁷85

232 494 345 558 nris
365 498 403 557 v.
425 492 989 559 srsvnero-nnusrnonnrsus
1012 448 1251 569 ires-irer-

600 615 810 678 1755-1789.

153 754 368 832 conjungimus
395 752 585 822 adversarios,
611 769 736 829 quorum
775 751 934 811 certamina
960 750 1098 829 profuere
1132 754 1251 817 lectioni

196 850 338 921 anienre‚
353 850 485 928 quamvis
499 849 529 908 in
548 848 648 927 paucis
667 845 872 908 emendandae.
894 847 1013 908 Scilicet
1026 850 1251 928 Augustinorsn

193 946 342 1017 Stereren,
370 946 422 1024 qui
449 965 507 1005 non
543 945 633 1005 modo
656 944 806 1023 aliquibus
833 942 932 1004 codd.
957 946 1035 1008 Mes.
1061 956 1170 1024 prseter
1185 948 1251 1026 jam

194 1040 341 1103 collatura
355 1042 555 1121 superioribus
568 1040 654 1101 editt.
668 1041 803 1118 quemvis
818 1038 896 1100 baud
917 1040 987 1101 satis
999 1042 1156 1121 diligenter
1169 1065 1251 1119 usus,

195 1137 290 1198 sedet
304 1158 359 1218 pro
371 1138 518 1217 excerptis
541 1156 558 1195 a
574 1134 744 1197 Keucbenio
757 1135 885 1214 integras
900 1137 1044 1197 variorum
1066 1147 1151 1199 notas
1170 1140 1252 1201 colli·

196 1252 265 1310 gere
286 1234 388 1306 uoluit,
414 1234 505 1313 iisque
525 1250 593 1291 suns
615 1229 729 1290 addidit
752 1250 801 1291 an.
819 1238 906 1299 1734.
932 1231 1047 1310 Inque
1068 1233 1254 1313 locupletiori

196 1328 324 1389 editione
350 1329 422 1407 quid
446 1329 503 1389 sibi
526 1328 705 1407 displiceret,
742 1344 812 1387 curn
839 1327 888 1388 Jo.
913 1326 1009 1388 Miclr.
1044 1328 1252 1409 Heusingerns,

199 1424 308 1485 Rector
322 1425 511 1497 laenscensis,
527 1424 555 1483 in
571 1423 728 1503 spicilegio
742 1422 889 1482 Emendd.
902 1440 950 1483 an.
967 1431 1054 1492 1744.
1065 1426 1252 1498 ostendisset,

198 1519 284 1579 rixari
294 1521 383 1600 coepit
394 1520 542 1581 Steverius
557 1519 587 1579 in
606 1517 699 1579 Obss.
716 1518 845 1579 Miscell.
870 1517 1067 1579 Derrill'nnis.
1088 1522 1254 1603 Heusinge-

200 1636 249 1676 rus
265 1637 332 1677 vero
347 1617 435 1679 etism
457 1615 622 1676 instructior
639 1633 658 1673 a
672 1612 878 1673 collationibus
900 1613 1116 1675 Ms.A1eniani
1130 1624 1161 1676 et
1181 1617 1254 1679 edd.

199 1712 315 1792 priscis,
329 1712 407 1773 haud
422 1722 517 1773 tamen
541 1710 751 1772 decensionem
778 1726 803 1769 r.
827 1718 859 1769 et
882 1708 1022 1770 Aldinam
1037 1704 1254 1790 superantibus,

200 1806 255 1867 nisi
268 1807 297 1866 in
313 1806 371 1867 vite
380 1808 471 1869 Attici
484 1808 534 1867 ed.
556 1808 642 1866 Rom.
654 1812 742 1877 1490.
755 1804 879 1866 accessit
891 1804 929 1865 ed
940 1805 1091 1866 Bosianatn
1108 1808 1254 1869 11.denuo

198 1904 417 1975 recensendam,
444 1903 483 1963 ab
504 1922 539 1963 ee
561 1902 653 1961 rarius
675 1900 860 1972 dissentiens,
888 1908 1018 1961 ceterum
1034 1900 1080 1961 sic
1100 1901 1256 1966 illustrarit

200 2000 275 2059 notis
299 2009 330 2060 et
355 2000 480 2061 unctiori
504 2000 631 2059 Bosiano
653 1996 766 2069 Indice,
792 2006 826 2056 ut
848 1996 945 2076 quood
960 1996 1092 2057 criticum
1112 1998 1255 2061 rationem

201 2096 329 2175 palmam
340 2095 525 2177 proripuisse
535 2092 666 2154 Stare'rio
674 2092 735 2153 iere
746 2090 894 2152 videretur
906 2100 994 2162 1747.
1004 2103 1035 2153 et
1047 2101 1136 2162 1755.
1149 2095 1256 2175 Neque

201 2200 300 2251 temen
312 2191 361 2251 ille
376 2200 445 2270 post
458 2189 629 2268 Heusingeri
641 2188 746 2259 fatum,
768 2206 867 2247 naevos
879 2188 951 2248 edit.
977 2206 1001 2248 r.
1024 2207 1086 2248 sure
1111 2189 1141 2249 in
1164 2191 1258 2252 alters

205 2294 293 2357 1755.
303 2285 458 2360 abstersit,
472 2284 525 2346 sed
549 2293 580 2345 et
594 2282 679 2361 quasi
693 2279 954 2360 Heusingerienam
968 2302 1029 2343 non
1047 2282 1162 2359 viderit,
1184 2305 1257 2347 con·

205 2382 281 2443 vicia
307 2382 402 2462 priora
428 2380 555 2462 repetiit,
578 2390 712 2441 notarum
738 2378 909 2459 fnmginern
932 2380 1017 2442 noris
1037 2372 1138 2444 suxit(
1169 2382 1258 2444 Hnud

203 2478 336 2539 inutilem
348 2487 418 2557 post
443 2478 495 2539 bos
507 2478 681 2538 duumviros
694 2495 815 2555 operam
827 2475 990 2538 consumsit
1007 2478 1077 2540 cler.
1102 2479 1153 2540 Jo.
1177 2480 1258 2542 Frid.

205 2574 333 2648 Fischer,
348 2573 430 2634 Prot.
444 2573 526 2652 lips.
538 2573 568 2634 in
582 2573 681 2634 libello
696 2572 840 2632 veriorum
853 2574 1012 2634 lectionum
1025 2576 1158 2654 repetitae
1177 2577 1258 2638 Bosii

205 2668 329 2730 editioni
352 2690 403 2730 an.
420 2678 509 2740 1759.
530 2689 597 2730 cum
611 2669 716 2730 illustr.
730 2668 813 2748 praei.
830 2669 868 2728 de
880 2669 979 2730 Codd.
1000 2679 1031 2731 et
1050 2671 1135 2733 editt.
1158 2673 1260 2752 Nepo-

205 2766 254 2838 tis,
269 2766 437 2845 fragmentis
446 2764 566 2828 duobus
580 2786 616 2826 ea
631 2765 707 2827 Cod.
723 2765 911 2846 Guelferbyt.
926 2769 1021 2828 eisc.
1035 2761 1115 2828 trid.
1136 2769 1260 2830 Heusin·
1295 2804 1298 2810 ·

205 2880 286 2942 gero,
302 2859 438 2922 eriratre
459 2862 508 2923 lo.
533 2861 629 2922 Micb.
654 2870 770 2941 nepote,
792 2861 915 2931 additor
937 2881 1006 2940 quss
1026 2864 1129 2924 iterum
1150 2865 1260 2945 prodiit
1326 2862 1329 2866 ’

210 2958 298 3027 1768.
322 2957 448 3019 auctior.
467 2957 586 3018 Interim
602 2957 804 3019 Stnserisneru
830 2973 870 3017 11.
893 2957 965 3018 clar.
985 2959 1035 3018 Jo.
1049 2960 1160 3039 Kappii
1182 2961 1259 3022 notis

207 3054 326 3133 suisque
339 3054 545 3133 locupletatam
566 3053 695 3116 reddidit
716 3053 880 3133 philologus
901 3053 1026 3114 celebris
1038 3052 1171 3133 Tbeopb.
1187 3057 1260 3119 cur.

208 3151 313 3212 Harles
335 3152 469 3228 Erlengae
500 3159 588 3221 1774.
612 3148 754 3229 quemad
782 3148 832 3209 ed.
859 3149 1008 3210 uberiores
1033 3158 1118 3212 notes
1142 3151 1260 3215 criticas

208 3248 324 3326 scripsit
336 3247 414 3308 idem
429 3245 573 3325 Ksppius.
595 3245 653 3305 Alii
668 3246 778 3306 interes
792 3244 872 3304 Bosii
890 3244 1089 3306 recensionem
1110 3249 1204 3309 secuti
1213 3251 1262 3311 rel

209 3343 327 3404 cellarii
349 3353 442 3415 notes,
467 3351 501 3402 ut
513 3341 749 3403 adolescentibus
764 3341 906 3413 utiliores,
930 3341 1121 3420 repetierunt,
1142 3354 1177 3406 ut
1190 3345 1262 3407 Chr.

209 3441 288 3518 Aug.
313 3437 413 3517 Krigel
441 3437 522 3516 lips.
550 3445 638 3508 1774.
668 3438 713 3496 rel
740 3437 995 3497 Keucbenisnum
1009 3440 1159 3518 exemplar
1185 3461 1211 3502 c.
1231 3462 1262 3506 n.

210 3533 374 3596 Kenchenii
396 3533 534 3594 abscissis
547 3542 578 3593 et
591 3534 658 3605 suis,
674 3543 707 3594 ut
720 3533 755 3593 ll.
778 3533 814 3594 C.
829 3533 966 3613 Sandsrig
975 3534 1092 3595 llaiuise
1106 3535 1195 3608 1776.
1215 3540 1262 3600 rel

211 3649 279 3691 cnm
303 3629 379 3690 notis
408 3648 428 3689 a
451 3628 567 3691 delectu
584 3629 720 3701 laudatis,
733 3638 767 3690 ut
779 3630 808 3691 J.
823 3632 854 3691 S.
869 3629 927 3700 ltb,
948 3631 1109 3704 tiernensis,
1130 3633 1176 3692 rel
1194 3651 1264 3693 curn

211 3725 272 3786 suis
284 3725 362 3786 notis
382 3723 411 3784 in
425 3743 510 3786 usum
525 3725 701 3797 scholarum,
714 3745 771 3804 pro
792 3744 847 3786 suo
859 3725 1002 3804 cujusque
1015 3746 1100 3788 sensu
1110 3727 1265 3791 dederunt.

214 3823 328 3884 cerere
345 3821 479 3901 repetitre
499 3822 546 3882 rel
564 3821 697 3894 leviores,
720 3831 755 3882 ut
780 3840 817 3882 ex
830 3820 925 3882 Gallis
938 3821 1093 3903 Philippei,
1118 3842 1156 3882 es
1168 3823 1265 3887 indice

214 3923 386 3979 noscuntur.

178 4021 256 4084 1734
270 4011 406 4092 Lugduni
429 4016 496 4076 nst.
511 4021 541 4075 8.
567 4013 637 4091 maj.
663 4012 792 4077 Comelii
818 4012 944 4091 Nepotis
968 4011 1038 4073 vitae
1060 4013 1266 4083 excellentium

218 4111 430 4191 Imperatorum
452 4131 521 4174 cum
542 4110 662 4192 integris
675 4111 752 4173 nobs
765 4110 832 4172 Jani
844 4108 1010 4180 Gebbardi,
1035 4107 1127 4172 lisnr.
1151 4111 1267 4189 anstii,
